@book{singh2000code,
	title={The code book: the science of secrecy from ancient Egypt to quantum cryptography},
	author={Singh, Simon},
	year={2000},
	publisher={Vintage}
}

@book{vazquez2022introduccion,
	title={Introducci{\'o}n a la teor{\'\i}a de aut{\'o}matas, gram{\'a}ticas y lenguajes},
	author={V{\'a}zquez, Elena Gaudioso and Saiz, Tom{\'a}s Garc{\'\i}a},
	year={2022},
	publisher={Editorial Centro de Estudios Ramon Areces SA}
}